<?xml version="1.0" encoding="UTF-8"?><collection xmlns="http://www.loc.gov/MARC21/slim"><record><leader>00698nam--2200205-i-4500</leader><controlfield tag="001">000009347</controlfield><controlfield tag="002">20161230</controlfield><controlfield tag="005">20170106171335</controlfield><controlfield tag="008">060222s1000------------r-----000-0-eng-d</controlfield><datafield ind1=" " ind2=" " tag="040"><subfield code="a">IFIN-HH</subfield></datafield><datafield ind1=" " ind2=" " tag="080"><subfield code="a">535.338.4</subfield></datafield><datafield ind1="1" ind2=" " tag="100"><subfield code="a">Davis, Sumner P</subfield></datafield><datafield ind1="1" ind2="0" tag="245"><subfield code="a">The red system (a2 [pi] - x2 [sigma]) of the cn molecule</subfield><subfield code="c">Photographed, measured and analyzed under the direction of Davis P. Sumner and John G. Phillips</subfield></datafield><datafield ind1=" " ind2=" " tag="260"><subfield code="a">Los Angeles</subfield><subfield code="b">University Of California Press</subfield><subfield code="c">1963</subfield></datafield><datafield ind1=" " ind2=" " tag="300"><subfield code="a">214 p</subfield></datafield><datafield ind1=" " ind2=" " tag="490"><subfield code="a">Berkeley Analyses Of Molecular Spectra</subfield><subfield code="v">Vol. 1</subfield></datafield><datafield ind1=" " ind2="0" tag="650"><subfield code="a">Molecular Spectra</subfield></datafield><datafield ind1="1" ind2=" " tag="700"><subfield code="a">Phillips, John G</subfield><subfield code="e">Joint author</subfield></datafield><datafield ind1=" " ind2=" " tag="852"><subfield code="a">31839</subfield><subfield code="c">535</subfield></datafield><datafield ind1=" " ind2=" " tag="CAT"><subfield code="a">SYS</subfield><subfield code="c">20170106</subfield><subfield code="h">171335</subfield></datafield></record></collection>